@article{LopezBello2019,
  doi = {10.1016/j.imu.2019.100181},
  url = {https://doi.org/10.1016/j.imu.2019.100181},
  year = {2019},
  publisher = {Elsevier {BV}},
  volume = {15},
  pages = {100181},
  author = {Fernando L{\'{o}}pez Bello and Hugo Naya and V{\'{\i}}ctor Raggio and Aiala Ros{\'{a}}},
  title = {From medical records to research papers: A literature analysis pipeline for supporting medical genomic diagnosis processes},
  journal = {Informatics in Medicine Unlocked}
}

@article{Pabon2019,
  doi = {10.1016/j.cola.2018.12.006},
  url = {https://doi.org/10.1016/j.cola.2018.12.006},
  year = {2019},
  month = apr,
  publisher = {Elsevier {BV}},
  volume = {51},
  pages = {97--111},
  author = {Mar{\'{\i}}a Constanza Pab{\'{o}}n and Marta Mill{\'{a}}n and Claudia Roncancio and C{\'{e}}sar A. Collazos},
  title = {{GraphTQL}: A visual query system for graph databases},
  journal = {Journal of Computer Languages}
}

@article{Zhao2018,
  doi = {10.1016/j.compbiomed.2018.08.009},
  url = {https://doi.org/10.1016/j.compbiomed.2018.08.009},
  year = {2018},
  month = oct,
  publisher = {Elsevier {BV}},
  volume = {101},
  pages = {39--50},
  author = {Qing Zhao and Yangyang Kang and Jianqiang Li and Dan Wang},
  title = {Exploiting the semantic graph for the representation and retrieval of medical documents},
  journal = {Computers in Biology and Medicine}
}

@article{Vlietstra2017,
  doi = {10.1016/j.jbi.2017.05.018},
  url = {https://doi.org/10.1016/j.jbi.2017.05.018},
  year = {2017},
  month = jul,
  publisher = {Elsevier {BV}},
  volume = {71},
  pages = {178--189},
  author = {Wytze J. Vlietstra and Ronald Zielman and Robin M. van Dongen and Erik A. Schultes and Floris Wiesman and Rein Vos and Erik M. van Mulligen and Jan A. Kors},
  title = {Automated extraction of potential migraine biomarkers using a semantic graph},
  journal = {Journal of Biomedical Informatics}
}

@article{Campbell2015,
  doi = {10.1016/j.jbi.2015.08.016},
  url = {https://doi.org/10.1016/j.jbi.2015.08.016},
  year = {2015},
  month = oct,
  publisher = {Elsevier {BV}},
  volume = {57},
  pages = {350--357},
  author = {W. Scott Campbell and Jay Pedersen and James C. McClay and Praveen Rao and Dhundy Bastola and James R. Campbell},
  title = {An alternative database approach for management of {SNOMED} {CT} and improved patient data queries},
  journal = {Journal of Biomedical Informatics}
}

@article{erek2019,
  doi = {10.1016/j.trpro.2019.07.027},
  url = {https://doi.org/10.1016/j.trpro.2019.07.027},
  year = {2019},
  publisher = {Elsevier {BV}},
  volume = {40},
  pages = {170--177},
  author = {Roman {\v{C}}ere{\v{s}}{\v{n}}{\'{a}}k and Michal Kvet},
  title = {Comparison of query performance in relational a non-relation databases},
  journal = {Transportation Research Procedia}
}

@article{Soulakis2015,
  doi = {10.1093/jamia/ocu017},
  url = {https://doi.org/10.1093/jamia/ocu017},
  year = {2015},
  month = feb,
  publisher = {Oxford University Press ({OUP})},
  volume = {22},
  number = {2},
  pages = {299--311},
  author = {N. D. Soulakis and M. B. Carson and Y. J. Lee and D. H. Schneider and C. T. Skeehan and D. M. Scholtens},
  title = {Visualizing collaborative electronic health record usage for hospitalized patients with heart failure},
  journal = {Journal of the American Medical Informatics Association}
}

@article{Maula2018,
  doi = {10.1080/16549716.2018.1504398},
  url = {https://doi.org/10.1080/16549716.2018.1504398},
  year = {2018},
  month = jan,
  publisher = {Informa {UK} Limited},
  volume = {11},
  number = {1},
  pages = {1504398},
  author = {Ahmad Watsiq Maula and Anis Fuad and Adi Utarini},
  title = {Ten-years trend of dengue research in Indonesia and South-east Asian countries: a bibliometric analysis},
  journal = {Global Health Action}
}

@article{Sarwar2015,
  doi = {10.1007/s11192-015-1718-z},
  url = {https://doi.org/10.1007/s11192-015-1718-z},
  year = {2015},
  month = sep,
  publisher = {Springer Science and Business Media {LLC}},
  volume = {105},
  number = {2},
  pages = {1059--1077},
  author = {Raheem Sarwar and Saeed-UI Hassan},
  title = {A bibliometric assessment of scientific productivity and international collaboration of the Islamic World in science and technology (S{\&}T) areas},
  journal = {Scientometrics}
}

@article{Pashler2012,
  doi = {10.1177/1745691612465253},
  url = {https://doi.org/10.1177/1745691612465253},
  year = {2012},
  month = nov,
  publisher = {{SAGE} Publications},
  volume = {7},
  number = {6},
  pages = {528--530},
  author = {Harold Pashler and Eric{\textendash}Jan Wagenmakers},
  title = {Editors' Introduction to the Special Section on Replicability in Psychological Science},
  journal = {Perspectives on Psychological Science}
}

@article{Stark2018,
  doi = {10.1038/d41586-018-05256-0},
  url = {https://doi.org/10.1038/d41586-018-05256-0},
  year = {2018},
  month = may,
  publisher = {Springer Science and Business Media {LLC}},
  volume = {557},
  number = {7707},
  pages = {613--613},
  author = {Philip B. Stark},
  title = {Before reproducibility must come preproducibility},
  journal = {Nature}
}

@article{Resnik2016,
  doi = {10.1080/08989621.2016.1257387},
  url = {https://doi.org/10.1080/08989621.2016.1257387},
  year = {2016},
  month = nov,
  publisher = {Informa {UK} Limited},
  volume = {24},
  number = {2},
  pages = {116--123},
  author = {David B. Resnik and Adil E. Shamoo},
  title = {Reproducibility and Research Integrity},
  journal = {Accountability in Research}
}

@article{Peng2015,
  doi = {10.1111/j.1740-9713.2015.00827.x},
  url = {https://doi.org/10.1111/j.1740-9713.2015.00827.x},
  year = {2015},
  month = jun,
  publisher = {Wiley},
  volume = {12},
  number = {3},
  pages = {30--32},
  author = {Roger Peng},
  title = {The reproducibility crisis in science: A statistical counterattack},
  journal = {Significance}
}

@article{OakdenRayner2018,
  doi = {10.1093/ije/dyy105},
  url = {https://doi.org/10.1093/ije/dyy105},
  year = {2018},
  month = jun,
  publisher = {Oxford University Press ({OUP})},
  volume = {47},
  number = {5},
  pages = {1363--1365},
  author = {Luke Oakden-Rayner and Andrew L Beam and Lyle J Palmer},
  title = {Medical journals should embrace preprints to address the reproducibility crisis},
  journal = {International Journal of Epidemiology}
}

@article{Fabregat2018,
  doi = {10.1371/journal.pcbi.1005968},
  url = {https://doi.org/10.1371/journal.pcbi.1005968},
  year = {2018},
  month = jan,
  publisher = {Public Library of Science ({PLoS})},
  volume = {14},
  number = {1},
  pages = {e1005968},
  author = {Antonio Fabregat and Florian Korninger and Guilherme Viteri and Konstantinos Sidiropoulos and Pablo Marin-Garcia and Peipei Ping and Guanming Wu and Lincoln Stein and Peter D'Eustachio and Henning Hermjakob},
  editor = {Timoth{\'{e}}e Poisot},
  title = {Reactome graph database: Efficient access to complex pathway data},
  journal = {{PLOS} Computational Biology}
}

@article{Berg2012,
  doi = {10.19030/ijmis.v17i1.7587},
  url = {https://doi.org/10.19030/ijmis.v17i1.7587},
  year = {2012},
  month = dec,
  publisher = {Clute Institute},
  volume = {17},
  number = {1},
  pages = {29},
  author = {Kristi L. Berg and Tom Seymour and Richa Goel},
  title = {History Of Databases},
  journal = {International Journal of Management {\&} Information Systems ({IJMIS})}
}

@inproceedings{Oussous2015,
  title={Comparison and classification of nosql databases for big data},
  author={Oussous, Ahmed and Benjelloun, Fatima-Zahra and Lahcen, Ayoub Ait and Belfkih, Samir},
  booktitle={Proceedings of International Conference on Big Data, Cloud and Applications},
  volume={2},
  year={2015}
}

@article{Mathew2014,
  title={An efficient index based query handling model for Neo4j},
  author={Mathew, Anita Brigit and Kumar, SM},
  journal={IJCST},
  volume={3},
  number={2},
  pages={12--18},
  year={2014},
  publisher={Citeseer}
}

@inproceedings{Holsch2017,
  title={On the Performance of Analytical and Pattern Matching Graph Queries in Neo4j and a Relational Database},
  url={http://ceur-ws.org/Vol-1810/GraphQ_paper_01.pdf},
  year={2017},
  number={1810},
  address={Aachen},
  publisher={CEUR-WS.org},
  series={CEUR workshop proceedings},
  booktitle={Proceedings of the Workshops of the EDBT/ICDT 2017 Joint Conference},
  editor={Ioannidis, Yannis},
  author={Hölsch, Jürgen and Schmidt, Tobias and Grossniklaus, Michael}
}

@article{Medhi2017,
  doi = {10.5937/jouproman5-13553},
  url = {https://doi.org/10.5937/jouproman5-13553},
  year = {2017},
  publisher = {Centre for Evaluation in Education and Science ({CEON}/{CEES})},
  volume = {5},
  number = {2},
  pages = {1--9},
  author = {Surajit Medhi and Hemanta Baruah},
  title = {Relational database and graph database: A comparative analysis},
  journal = {Journal of Process Management. New Technologies}
}


